<record><leader>00000cas a22000007a 4500</leader><controlfield tag="001">10776225</controlfield><controlfield tag="008">840525d18951915nyudn ne      0    0eng d</controlfield><controlfield tag="009">148</controlfield><datafield ind1=" " ind2=" " tag="010"><subfield code="a">sn 84031270 </subfield></datafield><datafield ind1=" " ind2=" " tag="040"><subfield code="a">NYG</subfield><subfield code="b">eng</subfield><subfield code="c">NYG</subfield><subfield code="d">NPX</subfield><subfield code="d">MGN</subfield><subfield code="d">NYS</subfield><subfield code="d">NYG</subfield><subfield code="d">OCLCQ</subfield></datafield><datafield ind1="1" ind2=" " tag="029"><subfield code="a">AU@</subfield><subfield code="b">000024533836</subfield></datafield><datafield ind1=" " ind2=" " tag="042"><subfield code="a">msc</subfield></datafield><datafield ind1="0" ind2="0" tag="245"><subfield code="a">Lockport union-sun.</subfield></datafield><datafield ind1="3" ind2="0" tag="246"><subfield code="a">Lockport union sun</subfield></datafield><datafield ind1=" " ind2=" " tag="260"><subfield code="a">Lockport, N.Y. :</subfield><subfield code="b">Cutler &amp; Corson,</subfield><subfield code="c">1895-1915.</subfield></datafield><datafield ind1=" " ind2=" " tag="300"><subfield code="a">v. :</subfield><subfield code="b">ill.</subfield></datafield><datafield ind1=" " ind2=" " tag="310"><subfield code="a">Daily (except Sunday)</subfield></datafield><datafield ind1="0" ind2=" " tag="362"><subfield code="a">Vol. 34, no. 253 (Mar. 9, 1895)-94th year (Oct. 16, 1915).</subfield></datafield><datafield ind1=" " ind2=" " tag="500"><subfield code="a">Publishers: Cutler &amp; Corson, &lt;1895&gt;; Corson Manufacturing Co., &lt;1913&gt;.</subfield></datafield><datafield ind1=" " ind2=" " tag="580"><subfield code="a">Tuesday ed.: Niagara sun.</subfield></datafield><datafield ind1=" " ind2=" " tag="580"><subfield code="a">Friday ed.: Niagara Democrat (Lockport, N.Y. : 1865).</subfield></datafield><datafield ind1=" " ind2="4" tag="651"><subfield code="a">Lockport (N.Y.)</subfield><subfield code="v">Newspapers.</subfield></datafield><datafield ind1=" " ind2=" " tag="752"><subfield code="a">United States</subfield><subfield code="b">New York</subfield><subfield code="c">Niagara</subfield><subfield code="d">Lockport.</subfield></datafield><datafield ind1="1" ind2=" " tag="775"><subfield code="t">Niagara sun</subfield><subfield code="w">(DLC)sn 94057632</subfield><subfield code="w">(OCoLC)30743944</subfield></datafield><datafield ind1="1" ind2=" " tag="775"><subfield code="t">Niagara Democrat (Lockport, N.Y. : 1865)</subfield><subfield code="w">(DLC)sn 83031432</subfield><subfield code="w">(OCoLC)9887032</subfield></datafield><datafield ind1="0" ind2="4" tag="780"><subfield code="t">Lockport union</subfield><subfield code="w">(DLC)sn 84031269</subfield><subfield code="w">(OCoLC)10776199</subfield></datafield><datafield ind1="0" ind2="4" tag="780"><subfield code="t">Lockport daily sun</subfield><subfield code="w">(DLC)sn 94057588</subfield><subfield code="w">(OCoLC)30560544</subfield></datafield><datafield ind1="0" ind2="7" tag="785"><subfield code="t">Lockport journal (Lockport, N.Y. : 1907)</subfield><subfield code="w">(DLC)sn 94057928</subfield><subfield code="w">(OCoLC)31163717</subfield></datafield><datafield ind1="0" ind2="7" tag="785"><subfield code="t">Lockport union-sun &amp; journal</subfield><subfield code="w">(DLC)sn 95071026</subfield><subfield code="w">(OCoLC)31860528</subfield></datafield></record>